%% This BibTeX bibliography file was created using BibDesk.
%% http://bibdesk.sourceforge.net/

%% Created for Alexander Gallauner at 2016-09-02 17:49:18 +0200 


%% Saved with string encoding Unicode (UTF-8) 



@article{kronecker,
	Author = {Leskovec, Jure and Chakrabarti, Deepayan and Kleinberg, Jon and Faloutsos, Christos and Ghahramani, Zoubin},
	Date-Added = {2016-09-02 15:37:01 +0000},
	Date-Modified = {2016-09-02 15:49:15 +0000},
	Journal = {Journal of Machine Learning Research 11},
	Title = {Kronecker Graphs: An Approach to Modeling Networks},
	Year = {2010}}

@book{rauber,
	Address = {Berlin, Heidelberg},
	Author = {Rauber, Thomas and R{\"u}nger, Gudula},
	Isbn = {978-3-642-37800-3 978-3-642-37801-0},
	Language = {en},
	Publisher = {Springer Berlin Heidelberg},
	Title = {Parallel {Programming}},
	Url = {http://link.springer.com/10.1007/978-3-642-37801-0},
	Urldate = {2016-07-10},
	Year = {2013},
	Bdsk-Url-1 = {http://link.springer.com/10.1007/978-3-642-37801-0}}
